@phdthesis{gibbs1997bayesian,
  title={Bayesian Gaussian processes for regression and classification},
  author={Gibbs, Mark N},
  year={1997},
  school={University of Cambridge}
}

@phdthesis{paciorek2003nonstationary,
  title={Nonstationary Gaussian processes for regression and spatial modelling},
  author={Paciorek, Christopher J},
  year={2003},
  school={Carnegie Mellon University}
}

@inproceedings{paciorek2004nonstationary,
  title={Nonstationary covariance functions for Gaussian process regression},
  author={Paciorek, Christopher J and Schervish, Mark J},
  booktitle={Advances in neural information processing systems},
  pages={273--280},
  year={2004}
}

@article{paciorek2006spatial,
  title={Spatial modelling using a new class of nonstationary covariance functions},
  author={Paciorek, Christopher J and Schervish, Mark J},
  journal={Environmetrics: The official journal of the International Environmetrics Society},
  volume={17},
  number={5},
  pages={483--506},
  year={2006},
  publisher={Wiley Online Library}
}

@article{kammann2003geoadditive,
  title={Geoadditive models},
  author={Kammann, EE and Wand, Matthew P},
  journal={Journal of the Royal Statistical Society: Series C (Applied Statistics)},
  volume={52},
  number={1},
  pages={1--18},
  year={2003},
  publisher={Wiley Online Library}
}

@article{higdon1998process,
  title={A process-convolution approach to modelling temperatures in the North Atlantic Ocean},
  author={Higdon, David},
  journal={Environmental and Ecological Statistics},
  volume={5},
  number={2},
  pages={173--190},
  year={1998},
  publisher={Springer}
}

@article{kuusela2018locally,
  title={Locally stationary spatio-temporal interpolation of Argo profiling float data},
  author={Kuusela, Mikael and Stein, Michael L},
  journal={Proceedings of the Royal Society A},
  volume={474},
  number={2220},
  pages={20180400},
  year={2018},
  publisher={The Royal Society Publishing}
}

@article{lenzi2019improving,
  title={Improving Bayesian Local Spatial Models in Large Data Sets},
  author={Lenzi, Amanda and Castruccio, Stefano and Rue, Haavard and Genton, Marc G},
  journal={arXiv preprint arXiv:1907.06932},
  year={2019}
}

@article{anderes2008estimating,
  title={Estimating deformations of isotropic Gaussian random fields on the plane},
  author={Anderes, Ethan B and Stein, Michael L and others},
  journal={The Annals of Statistics},
  volume={36},
  number={2},
  pages={719--741},
  year={2008},
  publisher={Institute of Mathematical Statistics}
}

@article{anderes2011local,
  title={Local likelihood estimation for nonstationary random fields},
  author={Anderes, Ethan B and Stein, Michael L},
  journal={Journal of Multivariate Analysis},
  volume={102},
  number={3},
  pages={506--520},
  year={2011},
  publisher={Elsevier}
}

@article{stein2005nonstationary,
  title={Nonstationary spatial covariance functions},
  author={Stein, Michael L},
  journal={Unpublished technical report},
  year={2005}
}

@article{guinness2019gaussian,
  title={Gaussian Process Learning via Fisher Scoring of Vecchia's Approximation},
  author={Guinness, Joseph},
  journal={arXiv preprint arXiv:1905.08374},
  year={2019}
}

@article{geoga2019scalable,
  title={Scalable Gaussian process computations using hierarchical matrices},
  author={Geoga, Christopher J and Anitescu, Mihai and Stein, Michael L},
  journal={Journal of Computational and Graphical Statistics},
  pages={1--11},
  year={2019},
  publisher={Taylor \& Francis}
}

@article{zhang2004inconsistent,
  title={Inconsistent estimation and asymptotically equal interpolations in model-based geostatistics},
  author={Zhang, Hao},
  journal={Journal of the American Statistical Association},
  volume={99},
  number={465},
  pages={250--261},
  year={2004},
  publisher={Taylor \& Francis}
}

@article{risser2015regression,
  title={Regression-based covariance functions for nonstationary spatial modeling},
  author={Risser, Mark D and Calder, Catherine A},
  journal={Environmetrics},
  volume={26},
  number={4},
  pages={284--297},
  year={2015},
  publisher={Wiley Online Library}
}

@article{risser2015local,
  title={Local likelihood estimation for covariance functions with spatially-varying parameters: the convoSPAT package for R},
  author={Risser, Mark D and Calder, Catherine A},
  journal={arXiv preprint arXiv:1507.08613},
  year={2015}
}

@article{wendland1995piecewise,
  title={Piecewise polynomial, positive definite and compactly supported radial functions of minimal degree},
  author={Wendland, Holger},
  journal={Advances in computational Mathematics},
  volume={4},
  number={1},
  pages={389--396},
  year={1995},
  publisher={Springer}
}

@book{wendland2004scattered,
  title={Scattered data approximation},
  author={Wendland, Holger},
  volume={17},
  year={2004},
  publisher={Cambridge university press}
}

@article{fasshauer1998smoothing,
  title={On smoothing for multilevel approximation with radial basis functions},
  author={Fasshauer, Gregory E},
  journal={Approximation theory IX},
  volume={2},
  pages={55--62},
  year={1998},
  publisher={Vanderbilt University Press Nashville, TN}
}

@article{chernih2014wendland,
  title={Wendland functions with increasing smoothness converge to a Gaussian},
  author={Chernih, Andrew and Sloan, Ian H and Womersley, Robert S},
  journal={Advances in Computational Mathematics},
  volume={40},
  number={1},
  pages={185--200},
  year={2014},
  publisher={Springer}
}

@article{gneiting2002compactly,
  title={Compactly supported correlation functions},
  author={Gneiting, Tilmann},
  journal={Journal of Multivariate Analysis},
  volume={83},
  number={2},
  pages={493--508},
  year={2002},
  publisher={Elsevier}
}

@article{furrer2006covariance,
  title={Covariance tapering for interpolation of large spatial datasets},
  author={Furrer, Reinhard and Genton, Marc G and Nychka, Douglas},
  journal={Journal of Computational and Graphical Statistics},
  volume={15},
  number={3},
  pages={502--523},
  year={2006},
  publisher={Taylor \& Francis}
}

@article{kaufman2008covariance,
  title={Covariance tapering for likelihood-based estimation in large spatial data sets},
  author={Kaufman, Cari G and Schervish, Mark J and Nychka, Douglas W},
  journal={Journal of the American Statistical Association},
  volume={103},
  number={484},
  pages={1545--1555},
  year={2008},
  publisher={Taylor \& Francis}
}

@article{castrillon2016multi,
  title={Multi-level restricted maximum likelihood covariance estimation and kriging for large non-gridded spatial datasets},
  author={Castrillon-Cand{\'a}s, Julio E and Genton, Marc G and Yokota, Rio},
  journal={Spatial Statistics},
  volume={18},
  pages={105--124},
  year={2016},
  publisher={Elsevier}
}

@book{stein1999interpolation,
  title={Interpolation of spatial data: some theory for kriging},
  author={Stein, Michael L},
  year={1999},
  publisher={Springer Science \& Business Media}
}

@article{zhu1999quasi,
  title={The quasi-Cauchy relation and diagonal updating},
  author={Zhu, Mingfa and Nazareth, John Lawrence and Wolkowicz, Henry},
  journal={SIAM Journal on Optimization},
  volume={9},
  number={4},
  pages={1192--1204},
  year={1999},
  publisher={SIAM}
}

@article{andrei2019diagonal,
  title={A diagonal quasi-Newton updating method for unconstrained optimization},
  author={Andrei, Neculai},
  journal={Numerical Algorithms},
  volume={81},
  number={2},
  pages={575--590},
  year={2019},
  publisher={Springer}
}

@article{dennis1993sizing,
  title={Sizing and least-change secant methods},
  author={Dennis, Jr, John E and Wolkowicz, Henry},
  journal={SIAM Journal on Numerical Analysis},
  volume={30},
  number={5},
  pages={1291--1314},
  year={1993},
  publisher={SIAM}
}
